<?xml version="1.0" encoding="UTF-8"?><collection xmlns="http://www.loc.gov/MARC21/slim"><record><leader>00462nam--2200181-i-4500</leader><controlfield tag="001">000012285</controlfield><controlfield tag="002">20161230</controlfield><controlfield tag="005">20161230201029</controlfield><controlfield tag="008">060222s1000------------r-----000-0-rus-d</controlfield><datafield ind1=" " ind2=" " tag="040"><subfield code="a">IFIN-HH</subfield></datafield><datafield ind1=" " ind2=" " tag="041"><subfield code="a">rus</subfield></datafield><datafield ind1=" " ind2=" " tag="080"><subfield code="a">535.6:535.33</subfield></datafield><datafield ind1="1" ind2=" " tag="100"><subfield code="a">Lubceko, A.F</subfield></datafield><datafield ind1="1" ind2="0" tag="245"><subfield code="a">Kvantovie perehodi v primesnih centrah tverdih tel</subfield><subfield code="c">A.f. lubceko</subfield></datafield><datafield ind1=" " ind2=" " tag="260"><subfield code="a">Kiev</subfield><subfield code="b">Nakova Dimka</subfield><subfield code="c">1978</subfield></datafield><datafield ind1=" " ind2=" " tag="300"><subfield code="a">294p</subfield></datafield><datafield ind1=" " ind2=" " tag="852"><subfield code="a">46183</subfield><subfield code="c">535.33</subfield></datafield><datafield ind1=" " ind2=" " tag="CAT"><subfield code="a">Sys</subfield><subfield code="c">20101214</subfield><subfield code="h">124613</subfield></datafield></record></collection>